@article{cournot1838,
  author = {Cournot, Antoine Augustin},
  title = {Researches into the Mathematical Principles of the Theory of Wealth},
  year = {1838},
  publisher = {Hachette}
}

@article{bell1934,
  author = {Bell, Eric Temple},
  title = {Exponential numbers},
  journal = {American Mathematical Monthly},
  volume = {41},
  number = {7},
  year = {1934},
  pages = {411--419},
  doi = {10.2307/2301086}
}

@book{andrews1998partition,
  author = {Andrews, George E. and Eriksson, Kim},
  title = {Integer Partitions},
  publisher = {Cambridge University Press},
  year = {1998},
  isbn = {9780521637664}
}

@inproceedings{elkind2021bestresponse,
  title={Continuous-time best-response and related dynamics in Tullock contests with convex costs},
  author={Elkind, Edith and Choudhury, Abheek and Goldberg, Paul W.},
  booktitle={Proceedings of the 35th AAAI Conference on Artificial Intelligence (AAAI)},
  year={2021},
  pages={5310--5317},
  publisher={AAAI Press}
}

@inproceedings{bravo2018bandit,
  title={Bandit learning in concave N-person games},
  author={Bravo, Mario and Leslie, David S and Mertikopoulos, Panayotis},
  booktitle={Advances in Neural Information Processing Systems},
  volume={31},
  year={2018},
  url={https://proceedings.neurips.cc/paper_files/paper/2018/hash/b44d8a4a0280da3c33e44a90b3b135f5-Abstract.html}
}

@article{rahwan2015coalition,
  title={Coalition Structure Generation: A Survey},
  author={Rahwan, Talal and Michalak, Tomasz P and Wooldridge, Michael and Jennings, Nicholas R},
  journal={Artificial Intelligence},
  volume={229},
  pages={139--174},
  year={2015},
  doi={10.1016/j.artint.2015.08.004}
}

@book{ray2007coalitionformation,
  author    = {Ray, Debraj},
  title     = {A Game‑Theoretic Perspective on Coalition Formation},
  publisher = {Oxford University Press},
  year      = {2007},
  edition   = {First},
  address   = {New York},
  isbn      = {9780199207954}
}
@incollection{ray2007ch2,
  author    = {Ray, Debraj},
  title     = {Chapter 2},
  booktitle = {A Game‑Theoretic Perspective on Coalition Formation},
  publisher = {Oxford University Press},
  year      = {2007},
  edition   = {First},
  address   = {New York},
  chapter   = {2}
}

@article{michalak2016hybrid,
  author = {Michalak, Tomasz P. and Rahwan, Talal and Elkind, Edith and Wooldridge, Michael and Jennings, Nicholas R.},
  title = {A hybrid exact algorithm for complete set partitioning},
  journal = {Artificial Intelligence},
  volume = {230},
  pages = {14--50},
  year = {2016},
  doi = {10.1016/j.artint.2015.09.006}
}

@article{lucas1963partition,
  author    = {Lucas, W. F. and Thrall, R. M.},
  title     = {n-Person Games in Partition Function Form},
  journal   = {Naval Research Logistics Quarterly},
  volume    = {10},
  number    = {4},
  pages     = {281--298},
  year      = {1963},
  publisher = {Wiley},
  doi       = {10.1002/nav.3800100413}
}

@article{yeh1986dynamic,
  author    = {Yeh, D. Y.},
  title     = {A Dynamic Programming Approach to the Complete Set Partitioning Problem},
  journal   = {BIT Numerical Mathematics},
  volume    = {26},
  number    = {4},
  pages     = {467--474},
  year      = {1986},
  publisher = {Springer},
  doi       = {10.1007/BF01933788}
}

@article{rahwan2009anytime,
  author    = {Rahwan, Talal and Ramchurn, Sarvapali D. and Giovannucci, Alex and Jennings, Nicholas R.},
  title     = {An Anytime Algorithm for Optimal Coalition Structure Generation},
  journal   = {Journal of Artificial Intelligence Research},
  volume    = {34},
  pages     = {521--567},
  year      = {2009},
  doi       = {10.1613/jair.2650}
}

@article{shapley1954power,
  author  = {Shapley, Lloyd S. and Shubik, Martin},
  title   = {A Method for Evaluating the Distribution of Power in a Committee System},
  journal = {American Political Science Review},
  volume  = {48},
  number  = {3},
  pages   = {787--792},
  year    = {1954},
  doi     = {10.2307/1951053},
  publisher = {Cambridge University Press}
}

@article{nash1950equilibrium,
  author  = {Nash, John F.},
  title   = {Equilibrium Points in N-Person Games},
  journal = {Proceedings of the National Academy of Sciences},
  volume  = {36},
  number  = {1},
  pages   = {48--49},
  year    = {1950},
  doi     = {10.1073/pnas.36.1.48},
  publisher = {National Academy of Sciences}
}

@article{nash1951noncooperative,
  author  = {Nash, John F.},
  title   = {Non-Cooperative Games},
  journal = {Annals of Mathematics},
  volume  = {54},
  number  = {2},
  pages   = {286--295},
  year    = {1951},
  doi     = {10.2307/1969529},
  publisher = {Princeton University Press}
}

@book{rudin1976principles,
  author    = {Rudin, Walter},
  title     = {Principles of Mathematical Analysis},
  edition   = {3rd},
  publisher = {McGraw-Hill},
  year      = {1976},
  address   = {New York},
  isbn      = {9780070542358}
}